\begin{document}

@MISC{sdss_dr18,
	HOWPUBLISHED ="\url{https://skyserver.sdss.org/dr18}",
	TITLE = "SDSS Sky Server",
	YEAR = "Date of access: April 2023",
}

@MISC{wise_allsky,
	HOWPUBLISHED ="\url{https://wise2.ipac.caltech.edu/docs/release/allsky/}",
	TITLE = "WISE All Sky Catalogue",
	YEAR = "Date of access: April 2023",
}

@ARTICLE{Kauffmann_2003,
	author = {{Kauffmann}, Guinevere and {Heckman}, Timothy M. and {Tremonti}, Christy and {Brinchmann}, Jarle and {Charlot}, St{\'e}phane and {White}, Simon D.~M. and {Ridgway}, Susan E. and {Brinkmann}, Jon and {Fukugita}, Masataka and {Hall}, Patrick B. and {Ivezi{\'c}}, {\v{Z}}eljko and {Richards}, Gordon T. and {Schneider}, Donald P.},
	title = "{The host galaxies of active galactic nuclei}",
	journal = {\mnras},
	keywords = {galaxies: active, galaxies: Seyfert, galaxies: starburst, galaxies: stellar content, galaxies: structure, Astrophysics},
	year = 2003,
	month = dec,
	volume = {346},
	number = {4},
	pages = {1055-1077},
	doi = {10.1111/j.1365-2966.2003.07154.x},
	archivePrefix = {arXiv},
	eprint = {astro-ph/0304239},
	primaryClass = {astro-ph},
	adsurl = {https://ui.adsabs.harvard.edu/abs/2003MNRAS.346.1055K},
	adsnote = {Provided by the SAO/NASA Astrophysics Data System}
}

@ARTICLE{Kewley_2001,
	author = {{Kewley}, L.~J. and {Dopita}, M.~A. and {Sutherland}, R.~S. and {Heisler}, C.~A. and {Trevena}, J.},
	title = "{Theoretical Modeling of Starburst Galaxies}",
	journal = {\apj},
	keywords = {Galaxies: Starburst, Radiation Mechanisms: Thermal, Astrophysics},
	year = 2001,
	month = jul,
	volume = {556},
	number = {1},
	pages = {121-140},
	doi = {10.1086/321545},
	archivePrefix = {arXiv},
	eprint = {astro-ph/0106324},
	primaryClass = {astro-ph},
	adsurl = {https://ui.adsabs.harvard.edu/abs/2001ApJ...556..121K},
	adsnote = {Provided by the SAO/NASA Astrophysics Data System}
}

@ARTICLE{Wright_2010,
	author = {{Wright}, Edward L. and {Eisenhardt}, Peter R.~M. and {Mainzer}, Amy K. and {Ressler}, Michael E. and {Cutri}, Roc M. and {Jarrett}, Thomas and {Kirkpatrick}, J. Davy and {Padgett}, Deborah and {McMillan}, Robert S. and {Skrutskie}, Michael and {Stanford}, S.~A. and {Cohen}, Martin and {Walker}, Russell G. and {Mather}, John C. and {Leisawitz}, David and {Gautier}, Thomas N., III and {McLean}, Ian and {Benford}, Dominic and {Lonsdale}, Carol J. and {Blain}, Andrew and {Mendez}, Bryan and {Irace}, William R. and {Duval}, Valerie and {Liu}, Fengchuan and {Royer}, Don and {Heinrichsen}, Ingolf and {Howard}, Joan and {Shannon}, Mark and {Kendall}, Martha and {Walsh}, Amy L. and {Larsen}, Mark and {Cardon}, Joel G. and {Schick}, Scott and {Schwalm}, Mark and {Abid}, Mohamed and {Fabinsky}, Beth and {Naes}, Larry and {Tsai}, Chao-Wei},
	title = "{The Wide-field Infrared Survey Explorer (WISE): Mission Description and Initial On-orbit Performance}",
	journal = {\aj},
	keywords = {infrared: general, space vehicles, surveys, Astrophysics - Instrumentation and Methods for Astrophysics},
	year = 2010,
	month = dec,
	volume = {140},
	number = {6},
	pages = {1868-1881},
	doi = {10.1088/0004-6256/140/6/1868},
	archivePrefix = {arXiv},
	eprint = {1008.0031},
	primaryClass = {astro-ph.IM},
	adsurl = {https://ui.adsabs.harvard.edu/abs/2010AJ....140.1868W},
	adsnote = {Provided by the SAO/NASA Astrophysics Data System}
}

@article{Assef_2013,
	doi = {10.1088/0004-637X/772/1/26},
	url = {https://dx.doi.org/10.1088/0004-637X/772/1/26},
	year = {2013},
	month = {jul},
	publisher = {The American Astronomical Society},
	volume = {772},
	number = {1},
	pages = {26},
	author = {R. J. Assef and D. Stern and C. S. Kochanek and A. W. Blain and M. Brodwin and M. J. I. Brown and E. Donoso and P. R. M. Eisenhardt and B. T. Jannuzi and T. H. Jarrett and S. A. Stanford and C.-W. Tsai and J. Wu and L. Yan},
	title = {MID-INFRARED SELECTION OF ACTIVE GALACTIC NUCLEI WITH THE WIDE-FIELD INFRARED SURVEY EXPLORER. II. PROPERTIES OF WISE-SELECTED ACTIVE GALACTIC NUCLEI IN THE NDWFS BOÃ–TES FIELD},
	journal = {The Astrophysical Journal}
}

@article{Jarrett_2017,
	doi = {10.3847/1538-4357/836/2/182},
	url = {https://dx.doi.org/10.3847/1538-4357/836/2/182},
	year = {2017},
	month = {feb},
	publisher = {The American Astronomical Society},
	volume = {836},
	number = {2},
	pages = {182},
	author = {T. H. Jarrett and M. E. Cluver and C. Magoulas and M. Bilicki and M. Alpaslan and J. Bland-Hawthorn and S. Brough and M. J. I. Brown and S. Croom and S. Driver and B. W. Holwerda and A. M. Hopkins and J. Loveday and P. Norberg and J. A. Peacock and C. C. Popescu and E. M. Sadler and E. N. Taylor and R. J. Tuffs and L. Wang},
	title = {Galaxy and Mass Assembly (GAMA): Exploring the WISE Web in G12},
	journal = {The Astrophysical Journal}
}

\end{document}