\begin{document}

@ARTICLE{Jankov_2022,
	author = {{Jankov}, Isidora and {Kova{\v{c}}evi{\'c}}, Andelka B. and {Ili{\'c}}, Dragana and {Popovi{\'c}}, Luka {\v{C}}. and {Radovi{\'c}}, Viktor and {{\v{C}}vorovi{\'c}-Hajdinjak}, Iva and {Nikutta}, Robert and {S{\'a}nchez-S{\'a}ez}, Paula},
	title = "{Photoreverberation mapping of quasars in the context of Legacy Survey of Space and Time observing strategies}",
	journal = {Astronomische Nachrichten},
	keywords = {galaxies: active - galaxies: individual (NGC 4395) - techniques: photometric - methods: numerical -surveys, Astrophysics - Astrophysics of Galaxies},
	year = 2022,
	month = jan,
	volume = {343},
	number = {1-2},
	eid = {e210090},
	pages = {e210090},
	doi = {10.1002/asna.20210090},
	archivePrefix = {arXiv},
	eprint = {2111.12413},
	primaryClass = {astro-ph.GA},
	adsurl = {https://ui.adsabs.harvard.edu/abs/2022AN....34310090J},
	adsnote = {Provided by the SAO/NASA Astrophysics Data System}
}

@ARTICLE{Kovacevic_2021,
	author = {{Kova{\v{c}}evi{\'c}}, Andjelka B. and {Ili{\'c}}, Dragana and {Popovi{\'c}}, Luka {\v{C}}. and {Radovi{\'c}}, Viktor and {Jankov}, Isidora and {Yoon}, Ilsang and {Caplar}, Neven and {{\v{C}}vorovi{\'c}-Hajdinjak}, Iva and {Simi{\'c}}, Sa{\v{s}}a},
	title = "{On possible proxies of AGN light-curves cadence selection in future time domain surveys}",
	journal = {\mnras},
	keywords = {methods: numerical, telescopes, surveys, galaxies: active, Astrophysics - Astrophysics of Galaxies, Astrophysics - Instrumentation and Methods for Astrophysics},
	year = 2021,
	month = aug,
	volume = {505},
	number = {4},
	pages = {5012-5028},
	doi = {10.1093/mnras/stab1595},
	archivePrefix = {arXiv},
	eprint = {2105.14889},
	primaryClass = {astro-ph.GA},
	adsurl = {https://ui.adsabs.harvard.edu/abs/2021MNRAS.505.5012K},
	adsnote = {Provided by the SAO/NASA Astrophysics Data System}
}



\end{document}